<?xml version="1.0" encoding="UTF-8"?><record xmlns="http://www.loc.gov/MARC21/slim" xmlns:cinclude="http://apache.org/cocoon/include/1.0" xmlns:zs="http://www.loc.gov/zing/srw/">
  <leader>00585nz  a2200181n  4500</leader>
  <controlfield tag="001">no2015134592</controlfield>
  <controlfield tag="003">DLC</controlfield>
  <controlfield tag="005">20151009073558.0</controlfield>
  <controlfield tag="008">151008n| azannaabn          |a aaa     c</controlfield>
  <datafield tag="010" ind1=" " ind2=" ">
    <subfield code="a">no2015134592</subfield>
  </datafield>
  <datafield tag="035" ind1=" " ind2=" ">
    <subfield code="a">(OCoLC)oca10290163</subfield>
  </datafield>
  <datafield tag="040" ind1=" " ind2=" ">
    <subfield code="a">ICrlF</subfield>
    <subfield code="b">eng</subfield>
    <subfield code="e">rda</subfield>
    <subfield code="c">ICrlF</subfield>
  </datafield>
  <datafield tag="100" ind1="1" ind2=" ">
    <subfield code="a">Schneider, Liane.</subfield>
    <subfield code="t">Conni macht Musik.</subfield>
    <subfield code="l">Spanish</subfield>
  </datafield>
  <datafield tag="373" ind1=" " ind2=" ">
    <subfield code="a">Salamandra (Firm)</subfield>
  </datafield>
  <datafield tag="377" ind1=" " ind2=" ">
    <subfield code="a">spa</subfield>
  </datafield>
  <datafield tag="381" ind1=" " ind2=" ">
    <subfield code="a">Clavel</subfield>
  </datafield>
  <datafield tag="400" ind1="1" ind2=" ">
    <subfield code="a">Schneider, Liane.</subfield>
    <subfield code="t">Berta aprende muﾌ《ica</subfield>
  </datafield>
  <datafield tag="670" ind1=" " ind2=" ">
    <subfield code="a">Schneider, Liane. Berta aprende muﾌ《ica, 2014:</subfield>
    <subfield code="b">(traduccioﾌ］ y adaptacioﾌ］ de Teresa Clavel y Ediciones Salamandra)</subfield>
  </datafield>
</record>